<?xml version="1.0" encoding="UTF-8"?><collection xmlns="http://www.loc.gov/MARC21/slim"><record><leader>00436nam--2200145-i-4500</leader><controlfield tag="001">000030346</controlfield><controlfield tag="002">20161230</controlfield><controlfield tag="005">20161230201038</controlfield><controlfield tag="008">060222s1000------------r-----000-0-eng-d</controlfield><datafield ind1=" " ind2=" " tag="080"><subfield code="a">530.1</subfield></datafield><datafield ind1=" " ind2=" " tag="100"><subfield code="a">Madelung, Erwin</subfield></datafield><datafield ind1=" " ind2=" " tag="245"><subfield code="a">Die mathematischen hilfsmittel des physikers. mit 20 textfiguren</subfield></datafield><datafield ind1=" " ind2=" " tag="260"><subfield code="a">Berlin, Verlag Von Julius Springer, 1922 Xii+247p</subfield></datafield><datafield ind1=" " ind2=" " tag="490"><subfield code="a">Die Grundlehren Der Mathematischen Wissenschaften</subfield></datafield><datafield ind1=" " ind2=" " tag="852"><subfield code="a">987</subfield></datafield></record></collection>